@misc{stanford-codegen,
    title = {Code Generation with Large Language Models},
    author = {{Stanford University}},
    year = {2024},
    institution = {Stanford University},
    note = {CS224G Course Materials},
    url = {https://web.stanford.edu/class/cs224g/slides/Code%20Generation%20with%20LLMs.pdf}
}

@article{code-llm-survey-2024,
    title = {A Survey of Code LLMs: A Journey from Code Completion to AI-Powered Programming},
    author = {Wang, Ziyi and Fang, Hui and Sun, Weiyi and Wu, Moshi and Chen, Yixin and Wang, Rui},
    journal = {arXiv preprint arXiv:2412.08821},
    year = {2024},
    url = {https://arxiv.org/abs/2412.08821},
    doi = {10.48550/arXiv.2412.08821}
}

@misc{restack-tokenization,
    title = {Understanding Tokenization in Machine Learning},
    author = {Restack},
    year = {2024},
    url = {https://www.restack.io/p/tokenization-knowledge-answer-machine-learning-cat-ai},
    note = {Guide to tokenization concepts and implementation in ML}
}



@misc{langchain-retriever-score-threshold,
    title = {LangChain Retriever Documentation},
    author = {LangChain},
    year = {2024},
    url = {https://v03.api.js.langchain.com/classes/langchain.retrievers_score_threshold.ScoreThresholdRetriever.html},
    note = {Documentation for LangChain retriever module}
}


@misc{https://doi.org/10.48550/arxiv.2406.00515,
  doi = {10.48550/ARXIV.2406.00515},
  url = {https://arxiv.org/abs/2406.00515},
  author = {Jiang,  Juyong and Wang,  Fan and Shen,  Jiasi and Kim,  Sungju and Kim,  Sunghun},
  keywords = {Computation and Language (cs.CL),  Artificial Intelligence (cs.AI),  Software Engineering (cs.SE),  FOS: Computer and information sciences,  FOS: Computer and information sciences},
  title = {A Survey on Large Language Models for Code Generation},
  publisher = {arXiv},
  year = {2024},
  copyright = {arXiv.org perpetual,  non-exclusive license}
}

@misc{https://doi.org/10.48550/arxiv.2310.04304,
  doi = {10.48550/ARXIV.2310.04304},
  url = {https://arxiv.org/abs/2310.04304},
  author = {Sadik,  Ahmed R. and Brulin,  Sebastian and Olhofer,  Markus},
  keywords = {Software Engineering (cs.SE),  Artificial Intelligence (cs.AI),  Formal Languages and Automata Theory (cs.FL),  Multiagent Systems (cs.MA),  Programming Languages (cs.PL),  FOS: Computer and information sciences,  FOS: Computer and information sciences},
  title = {Coding by Design: GPT-4 empowers Agile Model Driven Development},
  publisher = {arXiv},
  year = {2023},
  copyright = {Creative Commons Attribution 4.0 International}
}

@misc{llama,
    author = {Meta},
    title = {Llama-3.3-70B-Instruct},
    year = {2024},
    month = {dec},
    url = {https://huggingface.co/meta-llama/Llama-3.3-70B-Instruct}
}

@misc{GitHub2024,
    author = {GitHub},
    title = {GitHub Copilot is more than a tool, it’s an ally},
    year = {2024},
    month = {dec},
    url = {https://www.linkedin.com/pulse/github-copilot-more-than-tool-its-ally-github-qhnoc/}
}

@misc{GitHub2025,
    author = {GitHub Docs},
    title = {Asking GitHub Copilot questions in your IDE},
    year = {2025},
    month = {jan},
    url = {https://docs.github.com/en/copilot/using-github-copilot/asking-github-copilot-questions-in-your-ide#ai-models-for-copilot-chat}
}

@misc{huggingface,
    author = {Huggingface Docs},
    title = {LoRA},
    year = {2024},
    month = {dec},
    url = {https://huggingface.co/docs/diffusers/training/lora}
}

@inproceedings{huggingface-transformers,
  title={Transformers: State-of-the-Art Natural Language Processing},
  author={Wolf, Thomas and Debut, Lysandre and Sanh, Victor and Chaumond, Julien and Delangue, Clement and Moi, Anthony and Cistac, Pierric and Rault, Tim and Louf, Remi and Funtowicz, Morgan and others},
  booktitle={Proceedings of the 2020 Conference on Empirical Methods in Natural Language Processing: System Demonstrations},
  pages={38--45},
  year={2020},
  organization={Association for Computational Linguistics},
  url={https://huggingface.co/docs/transformers/index}
}
@article{codebert,
  title={CodeBERT: A Pre-Trained Model for Programming and Natural Languages},
  author={Feng, Zhangyin and Guo, Daya and Tang, Duyu and Duan, Nan and Feng, Xiaocheng and Gong, Ming and Shou, Linjun and Qin, Bing and Liu, Ting and Jiang, Daxin and others},
  journal={arXiv preprint arXiv:2002.08155},
  year={2020},
  url={https://arxiv.org/abs/2002.08155}
}
@misc{ollama-docs,
    author = {Ollama},
    title = {Ollama Documentation},
    year = {2024},
    publisher = {GitHub},
    note = {GitHub repository},
    url = {https://github.com/ollama/ollama/tree/main/docs}
}
@misc{llama3-2,
    author = {Meta AI},
    title = {Llama-3.2-3B: Open Foundation and Fine-Tuned Chat Models},
    year = {2024},
    publisher = {Hugging Face},
    url = {https://huggingface.co/meta-llama/Llama-3.2-3B}
}
@misc{codeqwen1.5,
    author = {Qwen Team},
    title = {CodeQwen1.5: A Code-Specialized Language Model},
    year = {2024},
    url = {https://qwenlm.github.io/blog/codeqwen1.5/}
}
@misc{qwen-coder,
    author = {Qwen Team},
    title = {Qwen2.5-Coder-3B: A Code-Specialized Language Model},
    year = {2024},
    publisher = {Hugging Face},
    url = {https://huggingface.co/Qwen/Qwen2.5-Coder-3B}
}



@misc{bge-m3,
    title = {BGE-M3: A Multi-Modal Model Understanding Images and Text},
    author = {BAAI},
    year = {2024},
    url = {https://huggingface.co/BAAI/bge-m3},
    note = {HuggingFace model repository for BGE-M3, a multi-modal model for image and text understanding},
}

@misc{langchain,
    title = {LangChain Documentation},
    author = {LangChain Team},
    year = {2024},
    url = {https://python.langchain.com/docs/introduction/}
}

@misc{langchain-ollama,
    title = {LangChain Integration: Ollama},
    author = {LangChain},
    year = {2024},
    url = {https://python.langchain.com/docs/integrations/llms/ollama/},
    note = {Documentation for LangChain Ollama integration}
}

@misc{langchain-retrieval-chain,
  title = {LangChain Retrieval Chain Documentation},
  author = {LangChain},
  year = {2024},
  url = {https://python.langchain.com/api_reference/langchain/chains/langchain.chains.retrieval.create_retrieval_chain.html},
  note = {Create Retrieval Chain API reference}
}

@misc{faiss,
    title = {FAISS: A Library for Efficient Similarity Search},
    author = {Meta AI},
    year = {2024},
    url = {https://faiss.ai/},
    note = {Facebook AI Similarity Search library documentation}
}

@misc{rag-evaluation,
    title = {RAG Evaluation Cookbook},
    author = {Hugging Face},
    year = {2024},
    url = {https://huggingface.co/learn/cookbook/rag_evaluation},
    note = {Guide for evaluating Retrieval Augmented Generation systems}
}

@misc{llm-judge,
    title = {LLM Judge: Automated Evaluation Cookbook},
    author = {Hugging Face},
    year = {2024},
    url = {https://huggingface.co/learn/cookbook/llm_judge},
    note = {Guide for automated LLM evaluation using judge models}
}

@inbook{Good1965,
  title = {Speculations Concerning the First Ultraintelligent Machine},
  ISSN = {0065-2458},
  url = {http://dx.doi.org/10.1016/S0065-2458(08)60418-0},
  DOI = {10.1016/s0065-2458(08)60418-0},
  booktitle = {Advances in Computers Volume 6},
  publisher = {Elsevier},
  author = {Good,  Irving John},
  year = {1965},
  pages = {31–88}
}

@misc{Aschenbrenner2024,
    title = {SITUATIONAL AWARENESS:The Decade Ahead},
    author = {Hugging Face},
    year = {2024},
    url = {https://situational-awareness.ai/}
}
